@ARTICLE{TTCST,
AUTHOR={"Toshiaki Kurkowa","Masato Shinagawa"},
TITLE="Technical Trends and Challenges of Software Testing",
JOURNAL="Science and technology trends",
VOLUME= "29",
YEAR = "2008"
}


@ARTICLE{Java,
AUTHOR={"James Gosling","Henry McGilton"},
TITLE="The Java Language Environment: Contents",
YEAR = "1996",
MONTH = "May",
NOTE = "Section 4.2"
}